[gd_scene load_steps=7 format=2]

[ext_resource path="res://scenes/Camera.gd" type="Script" id=1]
[ext_resource path="res://scenes/sniper rifle.gd" type="Script" id=2]

[sub_resource type="CubeMesh" id=1]
size = Vector3( 0.1, 0.1, 1 )

[sub_resource type="CubeMesh" id=2]
size = Vector3( 0.05, 0.03, 0.3 )

[sub_resource type="CubeMesh" id=3]
size = Vector3( 0.05, 0.05, 1 )

[sub_resource type="ViewportTexture" id=4]
viewport_path = NodePath("Viewport")

[node name="sniper rifle" type="Spatial"]
script = ExtResource( 2 )

[node name="Viewport" type="Viewport" parent="."]
size = Vector2( 500, 500 )
keep_3d_linear = true
render_target_v_flip = true
render_target_update_mode = 3

[node name="Camera2" type="Camera" parent="Viewport"]
transform = Transform( 1, 0, 0, 0, 1, 0, 0, 0, 1, 0, 0, -2.12449 )
current = true
fov = 15.0
far = 1000.0
script = ExtResource( 1 )

[node name="ColorRect" type="ColorRect" parent="Viewport"]
margin_left = 250.0
margin_top = 250.0
margin_right = 270.0
margin_bottom = 270.0
color = Color( 0.960784, 0.027451, 0.027451, 1 )

[node name="MeshInstance" type="MeshInstance" parent="."]
transform = Transform( 1, 0, 0, 0, 1, 0, 0, 0, 1, 0, 0, -0.5 )
mesh = SubResource( 1 )
material/0 = null

[node name="MeshInstance3" type="MeshInstance" parent="."]
transform = Transform( 1, 0, 0, 0, 1, 0, 0, 0, 1, 0, 0.0617726, -0.5 )
mesh = SubResource( 2 )
material/0 = null

[node name="MeshInstance2" type="MeshInstance" parent="."]
transform = Transform( 1, 0, 0, 0, 1, 0, 0, 0, 1, 0, 0.0170487, -1.49074 )
mesh = SubResource( 3 )
material/0 = null

[node name="MeshInstance5" type="MeshInstance" parent="."]
transform = Transform( 1, 0, 0, 0, 1, 0, 0, 0, 1, 0, 0.131606, -0.767287 )
mesh = SubResource( 1 )
material/0 = null

[node name="Sprite3D" type="Sprite3D" parent="MeshInstance5"]
transform = Transform( 0.9, 0, 0, 0, 0.9, 0, 0, 0, 1, 0, 0, 0.501 )
pixel_size = 0.0002
texture = SubResource( 4 )

[node name="RemoteTransform" type="RemoteTransform" parent="."]
transform = Transform( 1, 0, 0, 0, 1, 0, 0, 0, 1, 0, 0, -2.12449 )
remote_path = NodePath("../Viewport/Camera2")

[node name="bullet_anchor" type="Spatial" parent="."]
transform = Transform( 1, 0, 0, 0, 1, 0, 0, 0, 1, 0, 0, -2.29019 )

[node name="RayCast" type="RayCast" parent="bullet_anchor"]
enabled = true
cast_to = Vector3( 0, 0, -1000 )
collide_with_areas = true
collide_with_bodies = false
